@book{mcarthur67,
  title={Fire behaviour in eucalypt forests},
  author={McArthur, Alan Grant},
  year={1967},
  publisher={Forest and Timber Bureau},
  address={Canberra, Australia}
}

@article{noble80,
	title={McArthur's fire-danger meters expressed as equations},
	author={Noble, IR and Gill, AM and Bary, GAV},
	journal={Australian Journal of Ecology},
	volume={5},
	number={2},
	pages={201--203},
	year={1980},
	publisher={Wiley Online Library}
}

@inproceedings{van87,
	title={Development and Structure of the Canadian Forest FireWeather Index System},
	author={Van Wagner, CE and Forest, Petawawa and others},
	booktitle={Can. For. Serv., Forestry Tech. Rep},
	year={1987},
	organization={Citeseer}
}

@article{chandler83,
	title={Fire in forestry. Vol. 1: Forest fire behavior and effects.},
	author={Chandler, CC and Williams, D and Trabaud, LV and Thomas, P and Cheney, P},
	journal={JOHN WILEY \& SONS, INC., 605 THIRD AVE., NEW YORK, NY 10158, USA. 1983.},
	year={1983}
}

@article{harris12,
	title={The relationship between fire behaviour measures and community loss: an exploratory analysis for developing a bushfire severity scale},
	author={Harris, Sarah and Anderson, Wendy and Kilinc, Musa and Fogarty, Liam},
	journal={Natural hazards},
	volume={63},
	number={2},
	pages={391--415},
	year={2012},
	publisher={Springer}
}

@article{dowdy10,
	title={Index sensitivity analysis applied to the Canadian forest fire weather index and the McArthur forest fire danger index},
	author={Dowdy, Andrew J and Mills, Graham A and Finkele, Klara and de Groot, William},
	journal={Meteorological Applications},
	volume={17},
	number={3},
	pages={298--312},
	year={2010},
	publisher={Wiley Online Library}
}

@article{harris14,
	title={Forecasting fire activity in Victoria, Australia, using antecedent climate variables and ENSO indices},
	author={Harris, Sarah and Nicholls, Neville and Tapper, Nigel},
	journal={International journal of wildland fire},
	volume={23},
	number={2},
	pages={173--184},
	year={2014},
	publisher={CSIRO}
}

@article{martell87,
	title={A logistic model for predicting daily people-caused forest fire occurrence in Ontario},
	author={Martell, David L and Otukol, Sam and Stocks, Brian J},
	journal={Canadian Journal of Forest Research},
	volume={17},
	number={5},
	pages={394--401},
	year={1987},
	publisher={NRC Research Press}
}

@article{viegas00,
	title={Comparative study of various methods of fire danger evaluation in southern Europe},
	author={Viegas, D Xavier and Bovio, Giovanni and Ferreira, Almerindo and Nosenzo, Antonio and Sol, Bernard},
	journal={International Journal of wildland fire},
	volume={9},
	number={4},
	pages={235--246},
	year={2000},
	publisher={CSIRO}
}

@article{cruz07,
	title={Billo Road Fire--report on fire behaviour phenomena and suppression activities},
	author={Cruz, MG and Plucinski, MP},
	journal={Bushfire Cooperative Research Centre, Report No. A},
	volume={7},
	year={2007}
}

@article{evans10,
	title={Regional climate simulation over Australia's Murray-Darling basin: A multitemporal assessment},
	author={Evans, JP and McCabe, MF},
	journal={Journal of Geophysical Research: Atmospheres (1984--2012)},
	volume={115},
	number={D14},
	year={2010},
	publisher={Wiley Online Library}
}

@article{sanabria13,
	title={Spatial interpolation of McArthur's Forest Fire Danger Index across Australia: Observational study},
	author={Sanabria, LA and Qin, X and Li, J and Cechet, RP and Lucas, C},
	journal={Environmental Modelling \& Software},
	volume={50},
	pages={37--50},
	year={2013},
	publisher={Elsevier}
}

@article{clarke2013,
	title={Changes in Australian fire weather between 1973 and 2010},
	author={Clarke, Hamish and Lucas, Christopher and Smith, Peter},
	journal={International Journal of Climatology},
	volume={33},
	number={4},
	pages={931--944},
	year={2013},
	publisher={Wiley Online Library}
}

@article{del11,
	title={Logistic regression models for human-caused wildfire risk estimation: analysing the effect of the spatial accuracy in fire occurrence data},
	author={del Hoyo, Lara Vilar and Isabel, M Pilar Mart{\'\i}n and Vega, F Javier Mart{\'\i}nez},
	journal={European Journal of Forest Research},
	volume={130},
	number={6},
	pages={983--996},
	year={2011},
	publisher={Springer}
}

@article{zhang13,
	title={Fire occurrence probability mapping of northeast China with binary logistic regression model},
	author={Zhang, Haijun and Han, Xiaoyong and Dai, Sha},
	journal={IEEE Journal on Selected Topics in Applied Earth Observations and Remote Sensing},
	volume={6},
	number={1},
	pages={121--127},
	year={2013},
	publisher={Institute of Electrical and Electronics Engineers, Inc., 3 Park Avenue, 17 th Fl New York NY 10016-5997 United States}
}

@article{andrews03,
	title={Evaluation of fire danger rating indexes using logistic regression and percentile analysis},
	author={Andrews, Patricia L and Loftsgaarden, Don O and Bradshaw, Larry S},
	journal={International Journal of Wildland Fire},
	volume={12},
	number={2},
	pages={213--226},
	year={2003},
	publisher={CSIRO}
}

@book{ruppert03,
	title={Semiparametric regression},
	author={Ruppert, David and Wand, Matthew P and Carroll, Raymond J},
	year={2003},
	publisher={Cambridge University Press}
}

@book{james13,
	title={An introduction to statistical learning},
	author={James, Gareth and Witten, Daniela and Hastie, Trevor and Tibshirani, Robert},
	year={2013},
	publisher={Springer}
}

@book{berk08,
	title={Statistical learning from a regression perspective},
	author={Berk, Richard A},
	year={2008},
	publisher={Springer Science \& Business Media}
}

@article{varian14,
	title={Big data: New tricks for econometrics},
	author={Varian, Hal R},
	journal={The Journal of Economic Perspectives},
	pages={3--27},
	year={2014},
	publisher={JSTOR}
}

@article{dietterich98,
	title={Approximate statistical tests for comparing supervised classification learning algorithms},
	author={Dietterich, Thomas G},
	journal={Neural computation},
	volume={10},
	number={7},
	pages={1895--1923},
	year={1998},
	publisher={MIT Press}
}

@article{wood02,
	title={GAMs with integrated model selection using penalized regression splines and applications to environmental modelling},
	author={Wood, Simon N and Augustin, Nicole H},
	journal={Ecological modelling},
	volume={157},
	number={2},
	pages={157--177},
	year={2002},
	publisher={Elsevier}
}

@book{cheney08,
	title={Grassfires: fuel, weather and fire behaviour},
	author={Cheney, Phil and Sullivan, Andrew},
	year={2008},
	publisher={CSIRO PUBLISHING}
}


@article{martin15,
	title={Integrating ground and satellite-based observations to determine the degree of grassland curing},
	author={Martin, Danielle and Chen, Tao and Nichols, David and Bessell, Rachel and Kidnie, Susan and Alexander, Jude},
	journal={International Journal of Wildland Fire},
	volume={24},
	number={3},
	pages={329--339},
	year={2015},
	publisher={CSIRO}
}

@article{padilla11,
	title={On the comparative importance of fire danger rating indices and their integration with spatial and temporal variables for predicting daily human-caused fire occurrences in Spain},
	author={Padilla, M and Vega-Garc{\'\i}a, C},
	journal={International Journal of Wildland Fire},
	volume={20},
	number={1},
	pages={46--58},
	year={2011},
	publisher={CSIRO}
}

@article{breiman01,
	title={Random forests},
	author={Breiman, Leo},
	journal={Machine learning},
	volume={45},
	number={1},
	pages={5--32},
	year={2001},
	publisher={Springer}
}

@inproceedings{kelly12,
	title={Variable interaction measures with random forest classifiers},
	author={Kelly, Cassidy and Okada, Kazunori},
	booktitle={Biomedical Imaging (ISBI), 2012 9th IEEE International Symposium on},
	pages={154--157},
	year={2012},
	organization={IEEE}
}

@Article{rf,
	title = {Classification and Regression by randomForest},
	author = {Andy Liaw and Matthew Wiener},
	journal = {R News},
	year = {2002},
	volume = {2},
	number = {3},
	pages = {18-22},
	url = {http://CRAN.R-project.org/doc/Rnews/},
}

@Manual{rpart,
  	title = {rpart: Recursive Partitioning and Regression Trees},
  	author = {Terry Therneau and Beth Atkinson and Brian Ripley},
  	year = {2015},
  	note = {R package version 4.1-10},
  	url = {http://CRAN.R-project.org/package=rpart},
}
  
@Manual{caret,
    	title = {caret: Classification and Regression Training},
    	author = {Max Kuhn},
    	year = {2015},
    	note = {R package version 6.0-52},
    	url = {http://CRAN.R-project.org/package=caret},
}
    
@Manual{RCore,
     	title = {R: A Language and Environment for Statistical Computing},
     	author = {{R Core Team}},
     	organization = {R Foundation for Statistical Computing},
     	address = {Vienna, Austria},
     	year = {2015},
     	url = {https://www.R-project.org/},
}
     
     @Article{proc,
     	title = {pROC: an open-source package for R and S+ to analyze and compare ROC curves},
     	author = {Xavier Robin and Natacha Turck and Alexandre Hainard and Natalia Tiberti and Frédérique Lisacek and Jean-Charles Sanchez and Markus Müller},
     	year = {2011},
     	journal = {BMC Bioinformatics},
     	volume = {12},
     	pages = {77},
     }
     
     @Manual{rpartplot,
     	title = {rpart.plot: Plot rpart Models.  An Enhanced Version of plot.rpart},
     	author = {Stephen Milborrow},
     	year = {2015},
     	note = {R package version 1.5.2},
     	url = {http://CRAN.R-project.org/package=rpart.plot},
     }
 
   @Manual{R,
   	title = {R: A Language and Environment for Statistical Computing},
   	author = {{R Core Team}},
   	organization = {R Foundation for Statistical Computing},
   	address = {Vienna, Austria},
   	year = {2015},
   	url = {https://www.R-project.org/},
   }   
   
     @Manual{gam,
     	title = {gam: Generalized Additive Models},
     	author = {Trevor Hastie},
     	year = {2015},
     	note = {R package version 1.12},
     	url = {http://CRAN.R-project.org/package=gam},
     }
     
     @article{archer08,
     	title={Empirical characterization of random forest variable importance measures},
     	author={Archer, Kellie J and Kimes, Ryan V},
     	journal={Computational Statistics \& Data Analysis},
     	volume={52},
     	number={4},
     	pages={2249--2260},
     	year={2008},
     	publisher={Elsevier}
     }
     
     @article{strob07,
     	title={Bias in random forest variable importance measures: Illustrations, sources and a solution},
     	author={Strobl, Carolin and Boulesteix, Anne-Laure and Zeileis, Achim and Hothorn, Torsten},
     	journal={BMC bioinformatics},
     	volume={8},
     	number={1},
     	pages={25},
     	year={2007},
     	publisher={BioMed Central Ltd}
     }
     
     @article{strob08,
     	title={Conditional variable importance for random forests},
     	author={Strobl, Carolin and Boulesteix, Anne-Laure and Kneib, Thomas and Augustin, Thomas and Zeileis, Achim},
     	journal={BMC bioinformatics},
     	volume={9},
     	number={1},
     	pages={307},
     	year={2008},
     	publisher={BioMed Central Ltd}
     }
     
     @article{kappa,
     	title={Comparison of classification accuracy using Cohen’s Weighted Kappa},
     	author={Ben-David, Arie},
     	journal={Expert Systems with Applications},
     	volume={34},
     	number={2},
     	pages={825--832},
     	year={2008},
     	publisher={Elsevier}
     }
     
     @article{wotton05,
     	title={An index for tracking sheltered forest floor moisture within the Canadian Forest Fire Weather Index System},
     	author={Wotton, BM and Stocks, BJ and Martell, DL},
     	journal={International Journal of Wildland Fire},
     	volume={14},
     	number={2},
     	pages={169--182},
     	year={2005},
     	publisher={CSIRO}
     }
     
     @article{skamarock08,
     	title={A description of the advanced research WRF version 3, NCAR, Tech. Note, Mesoscale and Microscale Meteorology Division},
     	author={Skamarock, WC and Klemp, JB and Dudhia, J and Gill, DO and Barker, DM and Duda, M and Huang, XY and Wang, W and Powers, JG},
     	journal={National Center for Atmospheric Research, Boulder, Colorado, USA},
     	year={2008}
     }
     
   @article{lucas10,
   	title={On developing a historical fire weather data-set for Australia},
   	author={Lucas, Christopher},
   	journal={Australian Meteorological and Oceanographic Journal},
   	volume={60},
   	number={1},
   	pages={1},
   	year={2010},
   	publisher={Citeseer}
   }
   
   @article{clarkeevans13,
   	title={Fire weather simulation skill by the Weather Research and Forecasting (WRF) model over south-east Australia from 1985 to 2009},
   	author={Clarke, Hamish and Evans, Jason P and Pitman, Andrew J},
   	journal={International journal of wildland fire},
   	volume={22},
   	number={6},
   	pages={739--756},
   	year={2013},
   	publisher={CSIRO}
   }
   
   @article{keetch68,
   	title={A drought index for forest fire control},
   	author={Keetch, John J and Byram, George M and others},
   	year={1968}
   }
   
   @phdthesis{mosley13,
   	title={A balanced approach to the multi-class imbalance problem},
   	author={Mosley, Lawrence Se’kou Denu},
   	year={2013},
   	school={Iowa State University}
   }
   

@article{japkowicz00,
title={The class imbalance problem: A systematic study},
author={Japkowicz, Nathalie and Stephen, Shaju},
journal={Intelligent data analysis},
volume={6},
number={5},
pages={429--449},
year={2002},
publisher={IOS Press}
}

@inproceedings{ncdf,
	title={The unidata netCDF: Software for scientific data access},
	author={Rew, Russell K and Davis, Glenn P},
	booktitle={Sixth International Conference on Interactive Information and Processing Systems for Meteorology, Oceanography, and Hydrology},
	pages={33--40},
	year={1990}
}

  @Manual{datatable,
  	title = {data.table: Extension of Data.frame},
  	author = {M Dowle and A Srinivasan and T Short and S Lianoglou with contributions from R Saporta and E Antonyan},
  	year = {2015},
  	note = {R package version 1.9.6},
  	url = {http://CRAN.R-project.org/package=data.table},
  }
  
    @Manual{raster,
    	title = {raster: Geographic Data Analysis and Modeling},
    	author = {Robert J. Hijmans},
    	year = {2015},
    	note = {R package version 2.4-20},
    	url = {http://CRAN.R-project.org/package=raster},
    }
    
    @MISC{ABS1259,
    	title    = "1259.0.30.001 - {Australian Standard Geographical Classification
    	(ASGC) Digital Boundaries, Australia, July 2011}",
    	year = 2011,
    	author   = "{Australian Bureau of Statistics}",
    	url      = "http://goo.gl/v92Id5",
    	note = "Date accessed 1 October 2015"
    }
    
    @article{featherstone96,
    	title={An updated explanation of the Geocentric Datum of Australia (GDA) and its effects upon future mapping},
    	author={Featherstone, Will},
    	journal={Australian surveyor},
    	volume={41},
    	number={2},
    	pages={121--130},
    	year={1996},
    	publisher={Taylor \& Francis}
    }
    
    @book{sp08,
    	title={Applied spatial data analysis with R},
    	author={Bivand, Roger S and Pebesma, Edzer J and Gomez-Rubio, Virgilio and Pebesma, Edzer Jan},
    	volume={747248717},
    	year={2008},
    	publisher={Springer}
    }
    
    @article{jones09,
    	title={High-quality spatial climate data-sets for Australia},
    	author={Jones, David A and Wang, William and Fawcett, Robert},
    	journal={Australian Meteorological and Oceanographic Journal},
    	volume={58},
    	number={4},
    	pages={233},
    	year={2009},
    	publisher={Citeseer}
    }
    
      @Manual{rastervis,
      	title = {{rasterVis}},
      	author = {Oscar Perpi{\~n}{\'a}n and Robert Hijmans},
      	doi = {10.5281/zenodo.12394},
      	year = {2014},
      	month = {Oct},
      	url = {http://oscarperpinan.github.io/rastervis/},
      	note = {R package version 0.32},
      }